<?xml version="1.0" encoding="UTF-8"?>
<record xmlns="http://www.loc.gov/MARC21/slim">
   <leader>01180cam a2200253 a 4500</leader>
   <controlfield tag="001">398182</controlfield>
   <controlfield tag="003">NjP</controlfield>
   <controlfield tag="005">20171012080702.0</controlfield>
   <controlfield tag="008">870918s1986    ir            00010 ara d</controlfield>
   <datafield tag="024" ind1="7" ind2=" ">
      <subfield code="a">princeton_aco003586</subfield>
      <subfield code="2">local</subfield>
   </datafield>
   <datafield ind1=" " ind2=" " tag="035">
      <subfield code="a">(OCoLC)22319259</subfield>
   </datafield>
   <datafield ind1=" " ind2=" " tag="035">
      <subfield code="a">(CStRLIN)NJPG87-B45448</subfield>
   </datafield>
   <datafield ind1=" " ind2=" " tag="035">
      <subfield code="9">ABX3676TS</subfield>
   </datafield>
   <datafield ind1=" " ind2=" " tag="040">
      <subfield code="a">NjP</subfield>
      <subfield code="c">NjP</subfield>
   </datafield>
   <datafield ind1="0" ind2=" " tag="100">
      <subfield code="a">Shaykh al-Sharīʻah al-Aṣfahānī,</subfield>
      <subfield code="d">1850-1920-21.</subfield>
   </datafield>
   <datafield ind1="1" ind2="0" tag="240">
      <subfield code="a">Qāʻidat lā ḍarar</subfield>
   </datafield>
   <datafield ind1="1" ind2="0" tag="245">
      <subfield code="a">Qāʻidat lā ḍarar ; wa-yalīhi, Ifāḍat al-qadīr fī aḥkām al-ʻaṣīr /</subfield>
      <subfield code="c">taʾlīf Shaykh al-Sharīʻah al-Aṣfahānī.</subfield>
   </datafield>
   <datafield ind1=" " ind2=" " tag="260">
      <subfield code="a">[Qum] :</subfield>
      <subfield code="b">Muʾassasat al-Nashr al-Islāmī al-Tābiʻah li-Jamāʻat al-Mudarrisīn,</subfield>
      <subfield code="c">1406 [1986]</subfield>
   </datafield>
   <datafield ind1=" " ind2=" " tag="300">
      <subfield code="a">40, 9, 147 p. ;</subfield>
      <subfield code="c">25 cm.</subfield>
   </datafield>
   <datafield ind1=" " ind2=" " tag="500">
      <subfield code="a">Cover title.</subfield>
   </datafield>
   <datafield ind1=" " ind2=" " tag="500">
      <subfield code="a">"406-407"--Cover.</subfield>
   </datafield>
   <datafield ind1=" " ind2="0" tag="650">
      <subfield code="a">Islamic law</subfield>
      <subfield code="x">Interpretation and construction.</subfield>
      <subfield code="0">http://id.loc.gov/authorities/subjects/sh85068455</subfield>
   </datafield>
   <datafield ind1="0" ind2="2" tag="700">
      <subfield code="a">Shaykh al-Sharīʻah al-Aṣfahānī,</subfield>
      <subfield code="d">1850-1920 or 21.</subfield>
      <subfield code="t">Ifāḍat al-qadīr fī aḥkām al-ʻaṣīr.</subfield>
      <subfield code="f">1985.</subfield>
      <subfield code="0">http://id.loc.gov/authorities/names/nr89017818</subfield>
   </datafield>
   <datafield ind1=" " ind2=" " tag="998">
      <subfield code="a">11/30/89</subfield>
      <subfield code="s">9118</subfield>
      <subfield code="n">NjP</subfield>
      <subfield code="w">NJPG87B45448</subfield>
      <subfield code="d">09/18/87</subfield>
      <subfield code="c">JEB</subfield>
      <subfield code="b">JEB</subfield>
      <subfield code="i">891130</subfield>
      <subfield code="l">NJPG</subfield>
   </datafield>
   <datafield ind1=" " ind2=" " tag="911">
      <subfield code="a">19921028</subfield>
   </datafield>
   <datafield ind1=" " ind2=" " tag="912">
      <subfield code="a">19900508000000.0</subfield>
   </datafield>
   <datafield ind1="8" ind2="0" tag="852">
      <subfield code="0">434204</subfield>
      <subfield code="b">rcppa</subfield>
      <subfield code="t">1</subfield>
      <subfield code="h">KBL</subfield>
      <subfield code="i">.S529 1985</subfield>
      <subfield code="x">tr fr arab</subfield>
   </datafield>
   <datafield ind1=" " ind2=" " tag="959">
      <subfield code="a">2000-06-13 00:00:00 -0400</subfield>
   </datafield>
</record>
